@incollection{packrat_is_it_worth_it,
  year={2008},
  isbn={978-3-540-77441-9},
  booktitle={Practical Aspects of Declarative Languages},
  volume={4902},
  series={Lecture Notes in Computer Science},
  editor={Hudak, Paul and Warren, David S.},
  doi={10.1007/978-3-540-77442-6_13},
  title={DCGs + Memoing = Packrat Parsing but Is It Worth It?},
  url={http://dx.doi.org/10.1007/978-3-540-77442-6_13},
  publisher={Springer Berlin Heidelberg},
  keywords={Mercury; parsing; packrat; recursive descent; DCG; memoing; tabling},
  author={Becket, Ralph and Somogyi, Zoltan},
  pages={182-196},
  language={English}
}

@article{yakker1,
 author = {Jim, Trevor and Mandelbaum, Yitzhak and Walker, David},
 title = {Semantics and Algorithms for Data-dependent Grammars},
 journal = {SIGPLAN Not.},
 issue_date = {January 2010},
 volume = {45},
 number = {1},
 month = jan,
 year = {2010},
 issn = {0362-1340},
 pages = {417--430},
 numpages = {14},
 url = {http://doi.acm.org/10.1145/1707801.1706347},
 doi = {10.1145/1707801.1706347},
 acmid = {1706347},
 publisher = {ACM},
 address = {New York, NY, USA},
 keywords = {ambiguous grammars, automata, context-sensitive grammars, data-dependent grammars, earley parsing, ebnf, l-attributed grammars, regular expressions, regular right-sides, scannerless parsing, semantic predicates, transducers},
} 

@inproceedings{yakker2,
 author = {Jim, Trevor and Mandelbaum, Yitzhak},
 title = {A New Method for Dependent Parsing},
 booktitle = {Proceedings of the 20th European Conference on Programming Languages and Systems: Part of the Joint European Conferences on Theory and Practice of Software},
 series = {ESOP'11/ETAPS'11},
 year = {2011},
 isbn = {978-3-642-19717-8},
 location = {Saarbr\&\#252;cken, Germany},
 pages = {378--397},
 numpages = {20},
 url = {http://dl.acm.org/citation.cfm?id=1987211.1987231},
 acmid = {1987231},
 publisher = {Springer-Verlag},
 address = {Berlin, Heidelberg},
} 

@book{grune_jacobs,
  title={Parsing Techniques: A Practical Guide},
  author={Grune, D. and Jacobs, C.},
  isbn={9780387202488},
  lccn={2007936901},
  series={Monographs in Computer Science},
  url={https://encrypted.google.com/books?id=lgtNmAEACAAJ},
  year={2008},
  publisher={Springer}
}

@article{1V_AGs,
  year={1981},
  issn={0001-5903},
  journal={Acta Informatica},
  volume={16},
  number={3},
  doi={10.1007/BF00289307},
  title={The formal power of one-visit attribute grammars},
  url={http://dx.doi.org/10.1007/BF00289307},
  publisher={Springer-Verlag},
  author={Engelfriet, Joost and Filè, Gilberto},
  pages={275-302},
  language={English}
}

@manual{marpa,
  year={2013},
  title={Marpa, a Practical General Parser: the Recognizer},
  author={Jeffrey Kegler},
  month=jun,
  url={https://docs.google.com/file/d/0B9_mR_M2zOc4Ni1zSW5IYzk3TGc/edit?usp=sharing}
}

@article{lr-regular,
 author = {Karel {Čulik II} and Rina Cohen},
 title = {LR-regular Grammars-an Extension of LR(K) Grammars},
 journal = {J. Comput. Syst. Sci.},
 issue_date = {February, 1973},
 volume = {7},
 number = {1},
 month = feb,
 year = {1973},
 issn = {0022-0000},
 pages = {66--96},
 numpages = {31},
 url = {http://dx.doi.org/10.1016/S0022-0000(73)80050-9},
 doi = {10.1016/S0022-0000(73)80050-9},
 acmid = {1739987},
 publisher = {Academic Press, Inc.},
 address = {Orlando, FL, USA},
} 

@article{leo,
 author = {Leo, Joop M. I. M.},
 title = {A General Context-free Parsing Algorithm Running in Linear Time on Every LR(K) Grammar Without Using Lookahead},
 journal = {Theor. Comput. Sci.},
 issue_date = {May 22, 1991},
 volume = {82},
 number = {1},
 month = may,
 year = {1991},
 issn = {0304-3975},
 pages = {165--176},
 numpages = {12},
 url = {http://dx.doi.org/10.1016/0304-3975(91)90180-A},
 doi = {10.1016/0304-3975(91)90180-A},
 acmid = {113998},
 publisher = {Elsevier Science Publishers Ltd.},
 address = {Essex, UK},
} 

@article{ll-regular,
  title={Properties of LL-Regular Languages},
  author={Poplawski, David A},
  year={1977}
}

@article{antlr3,
 author = {Parr, Terence and Fisher, Kathleen},
 title = {LL(*): The Foundation of the ANTLR Parser Generator},
 journal = {SIGPLAN Not.},
 issue_date = {June 2011},
 volume = {46},
 number = {6},
 month = jun,
 year = {2011},
 issn = {0362-1340},
 pages = {425--436},
 numpages = {12},
 url = {http://doi.acm.org/10.1145/1993316.1993548},
 doi = {10.1145/1993316.1993548},
 acmid = {1993548},
 publisher = {ACM},
 address = {New York, NY, USA},
 keywords = {augmented transition networks, backtracking, context-sensitive parsing, deterministic finite automata, glr, memoization, nondeterministic parsing, peg, semantic predicates, subset construction, syntactic predicates},
} 

@article{antlr4,
 author = {Parr, Terence and Harwell, Sam and Fisher, Kathleen},
 title = {Adaptive LL(*) Parsing: The Power of Dynamic Analysis},
 journal = {SIGPLAN Not.},
 issue_date = {October 2014},
 volume = {49},
 number = {10},
 month = oct,
 year = {2014},
 issn = {0362-1340},
 pages = {579--598},
 numpages = {20},
 url = {http://doi.acm.org/10.1145/2714064.2660202},
 doi = {10.1145/2714064.2660202},
 acmid = {2660202},
 publisher = {ACM},
 address = {New York, NY, USA},
 keywords = {all(*), augmented transition networks, dfa, gll, glr, grammar, ll(*), nondeterministic parsing, peg},
} 

@article{gll1,
 author = {Scott, Elizabeth and Johnstone, Adrian},
 title = {GLL Parsing},
 journal = {Electron. Notes Theor. Comput. Sci.},
 issue_date = {September, 2010},
 volume = {253},
 number = {7},
 month = sep,
 year = {2010},
 issn = {1571-0661},
 pages = {177--189},
 numpages = {13},
 url = {http://dx.doi.org/10.1016/j.entcs.2010.08.041},
 doi = {10.1016/j.entcs.2010.08.041},
 acmid = {1860320},
 publisher = {Elsevier Science Publishers B. V.},
 address = {Amsterdam, The Netherlands, The Netherlands},
 keywords = {RNGLR and RIGLR parsing, context free languages, generalised parsing, recursive descent},
}

@incollection{gll2,
  title={Modelling GLL parser implementations},
  author={Johnstone, Adrian and Scott, Elizabeth},
  booktitle={Software Language Engineering},
  pages={42--61},
  year={2011},
  publisher={Springer}
}

@article{spiewak,
  title={Generalized Parser Combinators},
  author={Spiewak, Daniel},
  year={2010}
}

@book{tomita1985efficient,
  title={Efficient parsing for natural language: A fast algorithm for practical systems},
  author={Tomita, Masaru},
  volume={8},
  year={1985},
  publisher={Springer Science \& Business Media}
}

@inproceedings{afroozeh_izmaylova,
  title={Faster, Practical GLL Parsing},
  author={Afroozeh, Ali and Izmaylova, Anastasia},
  booktitle={Compiler Construction},
  pages={89--108},
  year={2015},
  organization={Springer}
}

@incollection{koopman_plasmeijer,
  title={Efficient combinator parsers},
  author={Koopman, Pieter and Plasmeijer, Rinus},
  booktitle={Implementation of Functional Languages},
  pages={120--136},
  year={1999},
  publisher={Springer}
}
